@article{horn1981determining,
  title={Determining optical flow},
  author={Horn, Berthold KP and Schunck, Brian G},
  journal={Artificial intelligence},
  year={1981},
}

@inproceedings{dosovitskiy2015flownet,
  title={Flownet: Learning optical flow with convolutional networks},
  author={Dosovitskiy, Alexey and Fischer, Philipp and Ilg, Eddy and Hausser, Philip and Hazirbas, Caner and Golkov, Vladimir and Van Der Smagt, Patrick and Cremers, Daniel and Brox, Thomas},
  booktitle={ICCV},
  year={2015}
}

@inproceedings{caelles2017one,
  title={One-shot video object segmentation},
  author={Caelles, Sergi and Maninis, Kevis-Kokitsi and Pont-Tuset, Jordi and Leal-Taix{\'e}, Laura and Cremers, Daniel and Van Gool, Luc},
  booktitle={CVPR},
  year={2017}
}

@inproceedings{oh2019video,
  title={Video object segmentation using space-time memory networks},
  author={Oh, Seoung Wug and Lee, Joon-Young and Xu, Ning and Kim, Seon Joo},
  booktitle={ICCV},
  year={2019}
}

@inproceedings{xiu2018pose,
  title={Pose Flow: Efficient online pose tracking},
  author={Xiu, Yuliang and Li, Jiefeng and Wang, Haoyu and Fang, Yinghong and Lu, Cewu},
  booktitle={BMVC},
  year={2018}
}

@inproceedings{lai2020mast,
  title={MAST: A memory-augmented self-supervised tracker},
  author={Lai, Zihang and Lu, Erika and Xie, Weidi},
  booktitle={CVPR},
  year={2020}
}

@inproceedings{wang2019learning,
  title={Learning correspondence from the cycle-consistency of time},
  author={Wang, Xiaolong and Jabri, Allan and Efros, Alexei A},
  booktitle={CVPR},
  year={2019}
}

@inproceedings{jabri2020space,
  title={Space-time correspondence as a contrastive random walk},
  author={Jabri, Allan and Owens, Andrew and Efros, Alexei},
  booktitle={NeurIPS},
  year={2020}
}

@inproceedings{wang2020contrastive,
  title={Contrastive transformation for self-supervised correspondence learning},
  author={Wang, Ning and Zhou, Wengang and Li, Houqiang},
  booktitle={AAAI},
  year={2020}
}

@inproceedings{xu2021rethinking,
  title={Rethinking self-supervised correspondence learning: A video frame-level similarity perspective},
  author={Xu, Jiarui and Wang, Xiaolong},
  booktitle={ICCV},
  year={2021}
}

@inproceedings{wang2021different,
  title={Do Different Tracking Tasks Require Different Appearance Models?},
  author={Wang, Zhongdao and Zhao, Hengshuang and Li, Ya-Li and Wang, Shengjin and Torr, Philip and Bertinetto, Luca},
  booktitle={NeurIPS},
  year={2021}
}
@inproceedings{he2020momentum,
  title={Momentum contrast for unsupervised visual representation learning},
  author={He, Kaiming and Fan, Haoqi and Wu, Yuxin and Xie, Saining and Girshick, Ross},
  booktitle={CVPR},
  year={2020}
}

@inproceedings{xie2021detco,
  title={Detco: Unsupervised contrastive learning for object detection},
  author={Xie, Enze and Ding, Jian and Wang, Wenhai and Zhan, Xiaohang and Xu, Hang and Sun, Peize and Li, Zhenguo and Luo, Ping},
  booktitle={ICCV},
  year={2021}
}

@inproceedings{deng2009large,
  title={A large-scale hierarchical image database},
  author={Deng, Jia},
  booktitle={CVPR},
  year={2009}
}

@inproceedings{carreira2017quo,
  title={Quo vadis, action recognition? a new model and the kinetics dataset},
  author={Carreira, Joao and Zisserman, Andrew},
  booktitle={CVPR},
  year={2017}
}

@article{xu2018youtube,
  title={Youtube-vos: A large-scale video object segmentation benchmark},
  author={Xu, Ning and Yang, Linjie and Fan, Yuchen and Yue, Dingcheng and Liang, Yuchen and Yang, Jianchao and Huang, Thomas},
  journal={arXiv preprint arXiv:1809.03327},
  year={2018}
}

@article{li2017learning,
  title={Learning without forgetting},
  author={Li, Zhizhong and Hoiem, Derek},
  journal={IEEE transactions on PAMI},
  year={2017},
}